@article{muresan2018fruit,
    author = {Muresan, Horea and Oltean, Mihai},
    title = {Fruit recognition from images using deep learning},
    journal = {Acta Univ. Sapientiae, Informatica},
    volume = {10},
    number = {1},
    pages = {26--42},
    year = {2018}
}

@misc{ibm_overfitting,
    title = {What is overfitting?},
    author = {{IBM}},
    howpublished = {\url{https://www.ibm.com/topics/overfitting}},
    note = {Accessed: March 18, 2024}
}